@Article{ decomposition,
	title = "\emph{Decomposition and Metaoptimization of Mutation Operator in Differential Evolution}",
	author = "Jaros{\l}aw Arabas and Karol Opara",
	year = "2012",
	publisher = "Springer",
	journal = "Swarm and Evolutionary Computation",
	number = "LNCS 7269"
}

@Article{ setup,
	title = "\emph{Real-Parameter Black-Box Optimization Benchmarking: Experimental Setup}",
	author = "Anne Auger and Steffen Finck and Nikolaus Hansen and Raymond Ros",
	year = "2013",
	url = "http://coco.lri.fr/downloads/download13.09/bbobdocexperiment.pdf",
	note = "{\url{http://coco.lri.fr/downloads/download13.09/bbobdocexperiment.pdf}}"
}

@Article{ noiseless,
	title = "\emph{Real-Parameter Black-Box Optimization Benchmarking 2010: Presentation of the Noiseless Functions}",
	author = "Anne Auger and Steffen Finck and Nikolaus Hansen and Raymond Ros",
	year = "2013",
	url = "http://coco.lri.fr/downloads/download13.09/bbobdocfunctions.pdf",
	note = "{\url{http://coco.lri.fr/downloads/download13.09/bbobdocfunctions.pdf}}"
}

@Article{ noisy,
	title = "\emph{Real-Parameter Black-Box Optimization Benchmarking 2010: Presentation of the Noisy Functions}",
	author = "Anne Auger and Steffen Finck and Nikolaus Hansen and Raymond Ros",
	year = "2013",
	url = "http://coco.lri.fr/downloads/download13.09/bbobdocfunctions.pdf",
	note = "{\url{http://coco.lri.fr/downloads/download13.09/bbobdocfunctions.pdf}}"
}

@InProceedings{ boundary,
	title = "\emph{Experimental Comparison of Methods to Handle Boundary Constraints in Differential Evolution}",
	author = "Jaros{\l}aw Arabas and Adam Szczepankiewicz and Tomasz Wroniak",
	booktitle = "Proceedings of the 11th International Conference on Parallel Problem Solving from Nature: Part II",
	series = "PPSN'10",
	year = "2010",
	pages = "411--420",
	publisher = "Springer-Verlag",
	address = "Berlin, Heidelberg"
}

@InProceedings{ lunch,
	title = "\emph{No free lunch theorems for optimization}",
	author = "David H. Wolpert and William G. Macready",
	booktitle = "IEEE Transactions On Evolutionary Computation",
	year = "1997",
	volume = "1",
	number = "1",
	pages = "67--82"
}

@InProceedings{ mann,
	author = "Henry B. Mann and Donald R. Whitney",
	title = "\emph{On a Test of Whether one of Two Random Variables is Stochastically Larger than the Other}",
	booktitle = "Annals of Mathematical Statistics",
	year = "1947",
	volume = "18",
	number = "1",
	pages = "50--60"
}

@Article{ lowry,
	author = "Richard Lowry",
	title = "\emph{Concepts \& Applications of Inferential Statistics}",
	note = "{\url{http://vassarstats.net/textbook/ch12a.html}}"
}

@Article{ storn,
	author = "Rainer Storn and Kenneth Price",
	title = "\emph{Differential Evolution - A simple and efficient adaptive scheme for global optimization over continuous spaces}",
	year = "1995"
}

@Book{ jarabas,
	author = "Jaros{\l}aw Arabas",
	title = "Wyk{\l}ady z algorytm{\'o}w ewolucyjnych",
	year = "2001",
	publisher = "WNT",
	address = "Warszawa"
}

@Article{ zaharie,
	author = "Daniela Zaharie",
	title = "\emph{Differential Evolution: from Theoretical Analysis to Practical Insights}",
	year = "2012"
}

@InProceedings{ szarek,
	author = "Tomasz Szarek",
	title = "\emph{O wymiarze wykresu funkcji nigdzie nier{\'o}żniczkowalnej}",
	booktitle = "Wiadomo{\'s}ci Matematyczne",
	year = "2006",
	volume = "42",
	publisher = "Polskie Towarzystwo Matematyczne",
	address = "Pozna{\'n}"
}

@InProceedings{ szarek,
	author = "Tomasz Szarek",
	title = "\emph{O wymiarze wykresu funkcji nigdzie nier{\'o}żniczkowalnej}",
	booktitle = "Wiadomo{\'s}ci Matematyczne",
	year = "2006",
	volume = "42",
	publisher = "Polskie Towarzystwo Matematyczne",
	address = "Pozna{\'n}"
}

@InProceedings{ brest,
	author = "Janez Brest and Saso Greiner and Borko Boskovic and Marjan Mernik and Viljem Zumer",
	title = "\emph{Self-Adapting Control Parameters in Differential Evolution: A Comparative Study on Numerical Benchmark Problems}",
	journal = "Transaction on Evolutionary Computation",
	volume = "10",
	number = "6",
	year = "2006",
	pages = "646--657",
	publisher = "IEEE Press"
}

